<?xml version="1.0" encoding="UTF-8"?>
<record xmlns="http://www.loc.gov/MARC21/slim">
   <leader>00587cam a2200169 a 4500</leader>
   <controlfield tag="001">4138814</controlfield>
   <controlfield tag="003">NjP</controlfield>
   <controlfield tag="005">20160826130619.0</controlfield>
   <controlfield tag="008">040322m19599999sy            000 0 ara d</controlfield>
   <datafield tag="024" ind1="7" ind2=" ">
      <subfield code="a">princeton_aco004193</subfield>
      <subfield code="2">local</subfield>
   </datafield>
   <datafield ind1=" " ind2=" " tag="035">
      <subfield code="a">4138814</subfield>
   </datafield>
   <datafield ind1=" " ind2=" " tag="040">
      <subfield code="a">NjP</subfield>
      <subfield code="c">NjP</subfield>
   </datafield>
   <datafield ind1="1" ind2=" " tag="100">
      <subfield code="a">Albānī, Muḥammad Nāṣir al-Dīn.</subfield>
   </datafield>
   <datafield ind1="1" ind2="0" tag="245">
      <subfield code="a">Silsilat al-aḥādīth al-ṣaḥīḥah :</subfield>
      <subfield code="b">wa-shayʼ min fiqhihā wa-fawāʼidihā /</subfield>
      <subfield code="c">takhrīj Muḥammad Nāṣir al-Dīn al-Albānī.</subfield>
   </datafield>
   <datafield ind1=" " ind2=" " tag="250">
      <subfield code="a">al-Ṭabʻah 1.</subfield>
   </datafield>
   <datafield ind1=" " ind2=" " tag="260">
      <subfield code="a">Dimashq :</subfield>
      <subfield code="b">Maktab al-Islāmī,</subfield>
      <subfield code="c">1959-</subfield>
   </datafield>
   <datafield ind1=" " ind2=" " tag="300">
      <subfield code="a">v. ;</subfield>
      <subfield code="c">24 cm.</subfield>
   </datafield>
   <datafield ind1=" " ind2="0" tag="650">
      <subfield code="a">Hadith.</subfield>
   </datafield>
   <datafield ind1=" " ind2=" " tag="902">
      <subfield code="a">jab</subfield>
      <subfield code="b">r</subfield>
      <subfield code="6">a</subfield>
      <subfield code="7">m</subfield>
      <subfield code="d">v</subfield>
      <subfield code="f">0</subfield>
      <subfield code="e">20040322</subfield>
   </datafield>
   <datafield ind1="8" ind2=" " tag="852">
      <subfield code="0">4413222</subfield>
      <subfield code="b">rcppa</subfield>
      <subfield code="h">2270.01.555.2 1959</subfield>
      <subfield code="x">tr fr f</subfield>
   </datafield>
   <datafield ind1=" " ind2="0" tag="866">
      <subfield code="0">4413222</subfield>
      <subfield code="a">v. 1</subfield>
   </datafield>
   <datafield ind1=" " ind2=" " tag="959">
      <subfield code="a">2009-04-10 08:54:46 -0500</subfield>
   </datafield>
</record>
